<record><leader>00000cas a2200000 a 4500</leader><controlfield tag="001">8821733</controlfield><controlfield tag="008">820930d18261828kyuwr ne      0   a0eng  </controlfield><datafield ind1=" " ind2=" " tag="010"><subfield code="a">sn 82015469 </subfield><subfield code="z">   21002411 </subfield></datafield><datafield ind1=" " ind2=" " tag="040"><subfield code="a">DLC</subfield><subfield code="b">eng</subfield><subfield code="c">DLC</subfield><subfield code="d">NPY</subfield><subfield code="d">DLC</subfield><subfield code="d">NPI</subfield><subfield code="d">KNP</subfield><subfield code="d">CNK</subfield><subfield code="d">NVF</subfield><subfield code="d">NVK</subfield><subfield code="d">CVF</subfield><subfield code="d">OCL</subfield><subfield code="d">IUL</subfield><subfield code="d">KEU</subfield><subfield code="d">OCLCO</subfield><subfield code="d">OCLCQ</subfield><subfield code="d">OCLCF</subfield></datafield><datafield ind1="1" ind2=" " tag="029"><subfield code="a">AU@</subfield><subfield code="b">000020416458</subfield></datafield><datafield ind1=" " ind2=" " tag="042"><subfield code="a">pcc</subfield></datafield><datafield ind1=" " ind2=" " tag="043"><subfield code="a">n-us-ky</subfield></datafield><datafield ind1="0" ind2="0" tag="050"><subfield code="a">Newspaper 7885-X</subfield></datafield><datafield ind1="1" ind2="4" tag="050"><subfield code="a">F455</subfield><subfield code="b">.S75</subfield></datafield><datafield ind1="0" ind2=" " tag="130"><subfield code="a">Spirit of '76 (Frankfort, Ky.)</subfield></datafield><datafield ind1="1" ind2="4" tag="245"><subfield code="a">The spirit of '76.</subfield></datafield><datafield ind1="3" ind2=" " tag="246"><subfield code="a">Spirit of 'seventy-six</subfield></datafield><datafield ind1=" " ind2=" " tag="260"><subfield code="a">Frankfort [Ky.] :</subfield><subfield code="b">J.H. Holeman,</subfield><subfield code="c">1826-</subfield></datafield><datafield ind1=" " ind2=" " tag="300"><subfield code="a">v. ;</subfield><subfield code="c">28-68 cm.</subfield></datafield><datafield ind1=" " ind2=" " tag="310"><subfield code="a">Weekly</subfield></datafield><datafield ind1="0" ind2=" " tag="362"><subfield code="a">Vol. 1, no. 1 (Mar. 10, 1826)-</subfield></datafield><datafield ind1="1" ind2=" " tag="362"><subfield code="a">Ceased in 1828.</subfield></datafield><datafield ind1=" " ind2=" " tag="515"><subfield code="a">Issues for Mar. 10-&lt;Aug. 4, 1826&gt; are paged continuously.</subfield></datafield><datafield ind1=" " ind2=" " tag="515"><subfield code="a">Vol. numbering resumes with Vol. 1, no. 1 on Dec. 6, 1826. Cf. Check list of Kentucky newspapers contained in Kentucky libraries, 1935.</subfield></datafield><datafield ind1=" " ind2=" " tag="530"><subfield code="a">Available on microfilm from the University of Chicago.</subfield></datafield><datafield ind1=" " ind2=" " tag="588"><subfield code="a">Latest issue consulted: Vol. 1, no. 47 (Oct. 25, 1827).</subfield></datafield><datafield ind1=" " ind2="0" tag="651"><subfield code="a">Frankfort (Ky.)</subfield><subfield code="v">Newspapers.</subfield></datafield><datafield ind1=" " ind2="0" tag="651"><subfield code="a">Franklin County (Ky.)</subfield><subfield code="v">Newspapers.</subfield></datafield><datafield ind1=" " ind2="7" tag="655"><subfield code="a">Newspapers.</subfield><subfield code="2">fast</subfield><subfield code="0">(OCoLC)fst01423814</subfield></datafield><datafield ind1=" " ind2="7" tag="651"><subfield code="a">Kentucky</subfield><subfield code="z">Frankfort.</subfield><subfield code="2">fast</subfield><subfield code="0">(OCoLC)fst01209804</subfield></datafield><datafield ind1=" " ind2="7" tag="651"><subfield code="a">Kentucky</subfield><subfield code="z">Franklin County.</subfield><subfield code="2">fast</subfield><subfield code="0">(OCoLC)fst01218114</subfield></datafield><datafield ind1=" " ind2=" " tag="752"><subfield code="a">United States</subfield><subfield code="b">Kentucky</subfield><subfield code="c">Franklin</subfield><subfield code="d">Frankfort.</subfield></datafield><datafield ind1="0" ind2="8" tag="776"><subfield code="i">Online version:</subfield><subfield code="t">Spirit of '76 (Frankfort, Ky.)</subfield><subfield code="w">(OCoLC)657102681</subfield></datafield><datafield ind1="0" ind2="0" tag="785"><subfield code="t">Kentuckian (Frankfort, Ky.)</subfield><subfield code="w">(DLC)sn 82015470</subfield></datafield></record>